@abbreviation{
    onu,
    short = "ONU",
    long = "Organización de las Naciones Unidas",
    description = ""
}

@abbreviation{
    pnud,
    short = "PNUD",
    long = "Programa de las Naciones Unidas para el Desarrollo",
    description = ""
}

@abbreviation{
    ods,
    short = "ODS",
    long = "Objetivos de Desarrollo Sostenible",
    description = ""
}

@abbreviation{
    pidesc,
    short = "PIDESC",
    long = "Pacto Internacional de Derechos Económicos, Sociales y Culturales",
    description = ""
}

@abbreviation{
    wri,
    short = "WRI",
    long = "World Resources Institute",
    description = ""
}

@abbreviation{
    gei,
    short = "GEI",
    long = "Gases de Efecto Invernadero",
    description = ""
}

@abbreviation{
    nrel,
    short = "NREL",
    long = {\textit{National Renewable Energy Laboratory}},
    description = ""
}

@abbreviation{
    wqa,
    short = "WQA",
    long = {\textit{Water Quality Association}},
    description = ""
}

@abbreviation{
    tsd,
    short = "TSD",
    long = "Total de Sólidos Disueltos",
    description = ""
}

@abbreviation{
    ampp,
    short = "AMPP",
    long = {\textit{Association for Materials Protection and Performance}},
    description = ""
}

@abbreviation{
    nasa,
    short = "NASA",
    long = {\textit{National Aeronautics and Space Administration}},
    description = ""
}

@abbreviation{
    med,
    short = "MED",
    long = "Destilación Multi-Efecto",
    description = ""
}

@abbreviation{
    medad,
    short = "MEDAD",
    long = "Destilación Multi-Efecto y Desalinización por Adsorción",
    description = ""
}

@abbreviation{
    msf,
    short = "MSF",
    long = "Destilación Flash Multietapa",
    description = ""
}

@abbreviation{
    mvc,
    short = "MVC",
    long = "Destilación por Compresión Mecánica",
    description = ""
}

@abbreviation{
    hdh,
    short = "HDH",
    long = "Humidificación - Dehumidificación",
    description = ""
}

@abbreviation{
    ds,
    short = "DS",
    long = "Destilación Solar",
    description = ""
}

@abbreviation{
    frz,
    short = "Frz",
    long = "Congelación",
    description = ""
}

@abbreviation{
    ro,
    short = "RO",
    long = "Ósmosis Inversa",
    description = ""
}

@abbreviation{
    fo,
    short = "FO",
    long = "Ósmosis Directa",
    description = ""
}

@abbreviation{
    ed,
    short = "ED",
    long = "Electrodiálisis",
    description = ""
}

@abbreviation{
    nf,
    short = "NF",
    long = "Nanofiltración",
    description = ""
}

@abbreviation{
    iex,
    short = "I.Ex",
    long = "Intercambio Iónico",
    description = ""
}

@abbreviation{
    lle,
    short = "LLE",
    long = "Extracción Líquido-Líquido",
    description = ""
}

@abbreviation{
    ghyd,
    short = "G. Hyd",
    long = "Hidrato de gas",
    description = ""
}
