
@article{sellami_solar_2016,
	title = {Solar distillation using a blackened mixture of Portland cement and alluvial sand as a heat storage medium},
	volume = {394},
	issn = {0011-9164},
	url = {https://www.sciencedirect.com/science/article/pii/S0011916416302600},
	doi = {10.1016/j.desal.2016.04.027},
	pages = {155--161},
	journaltitle = {Desalination},
	shortjournal = {Desalination},
	author = {Sellami, M. H. and Guemari, S. and Touahir, R. and Loudiyi, K.},
	urldate = {2023-04-21},
	date = {2016-09-15},
	langid = {english},
	keywords = {Alluvial sand, Heat storage system, Photocatalysts, Portland cement, Solar desalination},
}
