
@book{young_fisica_2009,
	location = {México},
	edition = {12},
	title = {Física Universitaria Con Física Moderna},
	volume = {2},
	isbn = {978-607-442-304-4},
	pagetotal = {896},
	publisher = {{PEARSON} {EDUCACIÓN}},
	author = {Young, Hugh D. and Freedman, Roger A.},
	date = {2009},
	langid = {spanish},
}
