@entry{
	water_stress_level,
	name = {nivel de estrés hídrico},
	description = {
		Extracción de agua dulce en proporción a los recursos de agua dulce disponibles; es la razón entre el total de agua dulce extraída por los principales sectores económicos y el total de recursos hídricos renovables, teniendo en cuenta las necesidades ambientales de agua. Este indicador también se conoce como intensidad de extracción de agua
	}
}

@entry{
	destilacion_solar,
	name = {destilación solar},
	description = {
		Proceso heliotérmico que ocurre dentro de un sistema cerrado en el cual se evapora agua con cierto grado de salinidad por efecto de la radiación solar para la obtención de agua destilada
	}
}

@entry{
	desalinizacion,
	name = {desalinización},
	description = {
		Cualquier proceso que elimine las sales del agua
	}
}

@entry{
	luminiscencia,
	name = {luminiscencia},
	description = {
		Propiedad que tienen ciertos cuerpos de emitir luz tras haber absorbido energía de otra radiación (principalmente ultravioleta) sin elevar su temperatura
	}
}

@entry{
	fluorescencia,
	name = {fluorescencia},
	description = {
		Tipo particular de luminiscencia que caracteriza a las sustancias que al absorber luz a una determinada longitud de onda emiten parte de esa energía en luz a una longitud de onda más larga
	},
	see = {luminiscencia}
}

@entry{
	colector_solar,
	name = {colector solar},
	description = {
		Un colector de energía solar es un tipo especial de intercambiador de calor que transforman la energía de la radiación solar recibida en una superficie en energía interna del medio de transporte
	},
	plural = {colectores solares}
}

@entry{
	desalinizacion_termica,
	name = {desalinización térmica},
	description = {
		Proceso que utiliza energía térmica para evaporar agua con la finalidad de condensarla una vez separada de las sales
	}
}

@entry{
	propiedad_coligativa,
	name = {propiedad coligativa},
	description = {
		Propiedad de las soluciones que depende únicamente de la relación entre el número de partículas de soluto y de disolvente sin importar la especie química
	},
	plural = {propiedades coligativas}
}
