@book{world_health_organization_nutrients_2005,
	location = {Suiza},
	edition = {1},
	title = {Nutrients in drinking-water},
	rights = {World Health Organization. All rights reserved},
	isbn = {92-4-159398-9},
	url = {https://www.who.int/publications-detail-redirect/9241593989},
	pagetotal = {196},
	publisher = {World Health Organization},
	author = {{World Health Organization}},
	urldate = {2022-02-24},
	date = {2005-02-11},
	langid = {english},
}

@online{aquae_historia_nodate,
	title = {Historia de la desalinización del agua},
	url = {https://www.fundacionaquae.org/historia-de-la-desalinizacion-del-agua/},
	abstract = {La desalación del agua es vital para obtener agua apta para el consumo humano. Descubre la historia de la desalinización del agua.},
	titleaddon = {Fundación Aquae},
	author = {{AQUAE}},
	urldate = {2022-02-25},
	langid = {spanish},
}

@article{morin_comparison_2012,
	title = {Comparison of Linear Fresnel and Parabolic Trough Collector Power Plants},
	volume = {86},
	pages = {1--12},
	journaltitle = {Solar Energy},
	shortjournal = {Solar Energy},
	author = {Morin, Gabriel and Dersch, Jürgen and Platzer, Werner and Eck, Markus and Häberle, Andreas},
	urldate = {2022-02-23},
	date = {2012-01-31},
}

@online{gobierno_de_mexico_objetivo_2017,
	title = {Objetivo de Desarrollo Sostenible 6: Agua Limpia y Saneamiento},
	url = {http://www.gob.mx/agenda2030/articulos/6-agua-limpia-y-saneamiento},
	shorttitle = {Objetivo de Desarrollo Sostenible 6},
	titleaddon = {Objetivo de Desarrollo Sostenible 6: Agua Limpia y Saneamiento},
	editora = {{Gobierno de México}},
	editoratype = {collaborator},
	urldate = {2022-02-24},
	date = {2017-09-11},
	langid = {spanish},
}

@online{naciones_unidas_sustainable_nodate,
	title = {Sustainable Development Goal 6: Agua limpia y saneamiento {\textbar} Naciones Unidas en México},
	url = {https://mexico.un.org/es/sdgs/6},
	shorttitle = {Sustainable Development Goal 6},
	titleaddon = {Los Objetivos de Desarrollo Sostenible en México / Agua limpia y saneamiento},
	author = {{Naciones Unidas}},
	urldate = {2022-02-24},
	langid = {spanish},
}

@online{pnud_objetivo_nodate,
	title = {Objetivo 6: Agua limpia y saneamiento {\textbar} El {PNUD} en México},
	url = {https://www.mx.undp.org/content/mexico/es/home/sustainable-development-goals/goal-6-clean-water-and-sanitation.html},
	shorttitle = {Objetivo 6},
	titleaddon = {{UNDP}},
	author = {{PNUD}},
	urldate = {2022-02-24},
	langid = {spanish},
}

@online{fondo_para_la_comunicacion_y_la_educacion_ambiental_derecho_nodate,
	title = {Derecho Humano al Agua y al Saneamiento},
	url = {https://agua.org.mx/tus-derechos-sobre-el-agua/},
	abstract = {El derecho humano al agua es un factor de desarrollo y una oportunidad para avanzar hacia una sociedad incluyente, equitativa y justa.},
	titleaddon = {{DERECHO} {HUMANO} {AL} {AGUA} Y {AL} {SANEAMIENTO}},
	author = {Fondo para la Comunicación y la Educación Ambiental,},
	urldate = {2022-02-24},
}

@online{national_aeronautics_and_space_administration_sequigeneralizada_2021,
	title = {Sequía generalizada en México {\textbar} Ciencia de la {NASA}},
	url = {https://ciencia.nasa.gov/sequia-generalizada-en-mexico},
	titleaddon = {Sequía generalizada en México},
	author = {{National Aeronautics and Space Administration}},
	urldate = {2022-02-24},
	date = {2021-05-06},
	langid = {spanish},
}

@online{efe_empeora_2021,
	title = {Empeora el estrés hídrico que envuelve a México: 8 de 13 regiones lo padecen},
	url = {https://www.elfinanciero.com.mx/nacional/2021/08/25/empeora-el-estres-hidrico-que-envuelve-a-mexico-8-de-13-regiones-lo-padecen/},
	shorttitle = {Empeora el estrés hídrico que envuelve a México},
	abstract = {La Conagua prevé un aumento de sequía en 31 de los 32 estados del país, incluyendo la capital, durante los próximos 10 años.},
	titleaddon = {El Financiero},
	author = {{EFE}},
	urldate = {2022-02-24},
	date = {2021-08-25},
	langid = {spanish},
}

@article{maddocks_ranking_2015,
	title = {Ranking the World’s Most Water-Stressed Countries in 2040},
	url = {https://www.wri.org/insights/ranking-worlds-most-water-stressed-countries-2040},
	abstract = {Globally, changing water supply and demand is inevitable; what that change will look like is far from certain. A first-of-its-kind analysis sheds new light on the issue.},
	author = {Maddocks, Andrew and Young, Robert Samuel and Reig, Paul},
	urldate = {2022-02-24},
	date = {2015-08-26},
	langid = {english},
}

@online{acnur_causas_2019,
	title = {Causas y consecuencias de la escasez de agua en el mundo},
	url = {https://eacnur.org/blog/escasez-agua-en-el-mundo-tc_alt45664n_o_pstn_o_pst/},
	abstract = {La escasez de agua en el mundo es un problema global, te contamos cómo afecta y qué consecuencas graves tiene para el ser humano y para el entorno.},
	titleaddon = {{ACNUR}},
	author = {{ACNUR}},
	urldate = {2022-02-25},
	date = {2019-02-26},
	langid = {spanish},
	note = {Section: Conciencia social y económica},
}

@article{palomino-resendiz_design_2018,
	title = {Design and implementation of a robotic active solar distiller based on a Fresnel concentrator and a photovoltaic system},
	volume = {166},
	issn = {0196-8904},
	url = {https://www.sciencedirect.com/science/article/pii/S0196890418304175},
	doi = {10.1016/j.enconman.2018.04.069},
	abstract = {},
	pages = {637--647},
	journaltitle = {Energy Conversion and Management},
	shortjournal = {Energy Conversion and Management},
	author = {Palomino-Resendiz, S. I. and Flores-Hernández, D. A. and Lozada-Castillo, N. and Guzmán-Vargas, L. and Luviano-Juárez, A.},
	urldate = {2022-03-18},
	date = {2018-06-15},
	langid = {english},
	keywords = {Desalination, Fresnel lens, Photovoltaic system, Robotic solar distiller, Solar energy},
}

@online{veolia_water_technologies_desalacion_2016,
	title = {Desalación de agua de mar: así es como lo hacemos},
	url = {https://www.youtube.com/watch?v=n8t9nU7wzLw},
	shorttitle = {Desalación de agua de mar},
	abstract = {Descripción de las fases de tratamiento en una instalación desaladora (o desalinizadora) de agua de mar mediante proceso de ósmosis inversa ({RO}) y destilación por múltiple efecto ({MED}).},
	author = {{Veolia Water Technologies}},
	urldate = {2022-03-18},
	date = {2016-09-07},
}

@online{veolia_water_technologies_seawater_nodate,
	title = {Seawater Desalination},
	url = {https://www.veoliawatertech.com/en/applications/seawater-desalination},
	abstract = {Seawater desalination is an increasingly key solution for the scarcity of water},
	titleaddon = {Veolia Water Technologies - North America},
	author = {Veolia Water Technologies},
	urldate = {2022-03-18},
	langid = {english},
}

@online{chandler_turning_2019,
	title = {Turning desalination waste into a useful resource},
	url = {https://news.mit.edu/2019/brine-desalianation-waste-sodium-hydroxide-0213},
	abstract = {Chemical processing could turn brine from desalination plants into useful industrial chemicals like sodium hydroxide, so that it doesn’t need to be dumped back into the sea.},
	titleaddon = {{MIT} News {\textbar} Massachusetts Institute of Technology},
	author = {Chandler, David L.},
	urldate = {2022-03-21},
	date = {2019-02-13},
	langid = {english},
}

@article{ranjan_economic_2016,
	title = {Economic feasibility evaluation of solar distillation systems based on the equivalent cost of environmental degradation and high-grade energy savings},
	volume = {11},
	issn = {1748-1317},
	url = {https://doi.org/10.1093/ijlct/ctt048},
	doi = {10.1093/ijlct/ctt048},
	pages = {8--15},
	number = {1},
	journaltitle = {International Journal of Low-Carbon Technologies},
	shortjournal = {International Journal of Low-Carbon Technologies},
	author = {Ranjan, K. R. and Kaushik, S. C.},
	urldate = {2022-03-22},
	date = {2016-03-01},
}

@article{cooper_maximum_1973,
	title = {The maximum efficiency of single-effect solar stills},
	volume = {15},
	issn = {0038-092X},
	url = {https://www.sciencedirect.com/science/article/pii/0038092X73900856},
	doi = {10.1016/0038-092X(73)90085-6},
	pages = {205--217},
	number = {3},
	journaltitle = {Solar Energy},
	shortjournal = {Solar Energy},
	author = {Cooper, P. I.},
	urldate = {2022-03-22},
	date = {1973-01-01},
	langid = {english},
}

@article{malik_solar_1982,
	title = {Solar distillation (a practical study of a wide range of stills and their optimum design, construction, and performance)},
	url = {https://www.osti.gov/etdeweb/biblio/6028832},
	author = {Malik, M. a. S. and Tiwari, G. N. and Kumar, A. and Sodha, M. S.},
	urldate = {2022-03-22},
	date = {1982-01-01},
}

@online{intelligence_ro_2021,
	title = {{RO} And {MBR} are the Next Big Technology Development in the Water Treatment Market - Arizton},
	url = {https://www.prnewswire.com/news-releases/ro-and-mbr-are-the-next-big-technology-development-in-the-water-treatment-market---arizton-301434002.html},
	author = {Intelligence, Arizton Advisory},
	urldate = {2022-03-24},
	date = {2021-11-30},
	langid = {english},
}

@article{lattemann_chapter_2010,
	title = {Chapter 2 Global Desalination Situation},
	volume = {2},
	issn = {9780444531155},
	doi = {10.1016/S1871-2711(09)00202-5},
	journaltitle = {Sustainability Science and Engineering},
	shortjournal = {Sustainability Science and Engineering},
	author = {Lattemann, Sabine and Kennedy, Maria and Schippers, Jan and Amy, Gary},
	date = {2010-12-31},
}

@article{youssef_comparative_2014,
	title = {Comparative Analysis of Desalination Technologies},
	volume = {61},
	doi = {10.1016/j.egypro.2014.12.258},
	pages = {2604--2607},
	journaltitle = {Energy Procedia},
	shortjournal = {Energy Procedia},
	author = {Youssef, Peter and {AL}-Dadah, Raya and Mahmoud, Saad},
	date = {2014-12-31},
}

@book{cengel_transferencia_2010,
	location = {México},
	edition = {4},
	title = {Transferencia de Calor y Masa {\textbar} {ISBN} 978-607-15-0540-8 - Libro},
	rights = {The {McGraw}-Hill Companies, Inc. All rights reserved.},
	isbn = {978-607-15-0540-8},
	abstract = {Autor: Afshin J. Ghajar, Yunus Cengel, Materia: Química y ciencias afines, Número de páginas: 948, {ISBN}: 978-607-15-0540-8},
	pagetotal = {945},
	publisher = {Mc Graw-Hill},
	author = {Çengel, Yunus A. and Ghajar, Afshin J.},
	translator = {Hernán D’Borneville, Erika Jasso},
	urldate = {2022-03-25},
	date = {2010-12-17},
	langid = {spanish},
}

@online{terra_mater_how_2021,
	title = {How to Turn Sea Water Into Fresh Water Without Pollution},
	url = {https://www.youtube.com/watch?v=KdFIHecZDfc},
	author = {{Terra Mater}},
	urldate = {2022-03-18},
	date = {2021-04-09},
}

@misc{pau_desaladoras_nodate,
	title = {Desaladoras. Fábricas de agua dulce},
	url = {https://www.acuamed.es/sites/default/files/publicaciones/geo.pdf},
	publisher = {Acuamed},
	author = {Pau, Mercè},
	urldate = {2022-03-25},
	langid = {spanish},
}

@online{kumar_water_2016,
	title = {Water Desalination History, Advances, and Challenges},
	url = {https://nae.edu/164313/Water-Desalination-History-Advances-and-Challenges},
	abstract = {Desalination is the removal of salt and contaminants from water. It involves a broad range of technologies that yield access to marginal sources of water such ...},
	titleaddon = {{NAE} Website},
	author = {{KUMAR}, {MANISH} and {CULP}, {TYLER} and {SHEN}, {YUEXIAO}},
	urldate = {2022-03-26},
	date = {2016-12-19},
}

@online{munoz_gutierrez_sobre_nodate,
	title = {Sobre la destilación solar},
	url = {http://www.ii.unam.mx/es-mx/AlmacenDigital/Gaceta/Gaceta-Septiembre-Octubre-2019/Paginas/sobre-la-destilacion-solar.aspx},
	titleaddon = {Instituto de Ingeniería {UNAM}},
	author = {Muñoz Gutierrez, Felipe},
	urldate = {2022-03-26},
	langid = {spanish},
}

@online{pacific_institute_water_2022,
	title = {Water Conflict Chronology Timeline List},
	url = {https://www.worldwater.org/conflict/list/},
	author = {Pacific Institute and Oakland},
	urldate = {2022-03-27},
	date = {2022},
	langid = {english},
}

@article{martins_puede_2017,
	title = {¿Puede la desalinización ser la solución para la crisis mundial del agua?},
	url = {https://www.bbc.com/mundo/noticias-39332148},
	journaltitle = {{BBC} News Mundo},
	author = {Martins, Alejandra},
	urldate = {2022-03-27},
	date = {2017-03-22},
	langid = {spanish},
}

@book{garcia_valladares_aplicaciones_2017,
	location = {México},
	edition = {1},
	title = {Aplicaciones Térmicas de la Energía Solar en los Sectores Residencial, Servicio e Industrial},
	isbn = {978-607-02-9005-3},
	pagetotal = {160},
	publisher = {Universidad Nacional Autónoma de México, Instituto de Energías  Renovables},
	author = {García Valladares, Octavio and Pilatowsky Figueroa, Isaac},
	editor = {Tonda Mazón, Juan},
	urldate = {2022-04-03},
	date = {2017-04-09},
	langid = {spanish},
}

@book{rodriguez_suarez_industria_2017,
	location = {Ciudad de México, México},
	edition = {1},
	title = {La industria solar fotovoltaica y fototérmica en México},
	isbn = {978-607-97294-8-6},
	publisher = {{ProMéxico}},
	author = {Rodríguez Suárez, J. Santiago and Espinoza Navarrete, Emmanuel and Rosenbuch, Joscha and Ortega Navarro, Hermilio O. and Martínez Fernández, Manuel and Cedano Villavicencio, Karla G. and Armenta, Miriam M.},
	urldate = {2022-04-17},
	pagetotal = {167},
	date = {2017},
	langid = {spanish},
}

@book{garcia_garrido_guitecnica_2012,
	location = {Madrid, España},
	title = {Guía técnica de la energía Solar Termoeléctrica},
	pagetotal = {317},
	publisher = {Madrid Solar},
	author = {García Garrido, Santiago and Remke, Stefan and Zarza Moya, Eduardo and Dominguez Autrán, Tomás and Arias, Santiago and Sánchez Martín, Roberto and Fernández García-Revillo, Juan R. and Fernández Quero, Valerio},
	editora = {{ACS} - Cobra Energía},
	editoratype = {collaborator},
	date = {2012},
	langid = {spanish},
}

@article{africa_archimedes_1975,
	title = {Archimedes through the Looking-Glass},
	volume = {68},
	issn = {0009-8418},
	url = {https://www.jstor.org/stable/4348211},
	doi = {10.2307/4348211},
	pages = {305--308},
	number = {5},
	journaltitle = {The Classical World},
	author = {Africa, Thomas W.},
	urldate = {2022-04-21},
	date = {1975},
	note = {Publisher: [Johns Hopkins University Press, Classical Association of the Atlantic States]},
}

@online{national_aeronautics_and_space_administration_sun_nodate,
	title = {Sun},
	url = {https://solarsystem.nasa.gov/solar-system/sun/overview},
	abstract = {The Sun at the heart of our solar system is a yellow dwarf star, a hot ball of glowing gases. Its gravity holds the solar system together.},
	titleaddon = {{NASA} Solar System Exploration},
	author = {{National Aeronautics and Space Administration}},
	urldate = {2022-04-21},
	langid = {american},
}

@book{leutz_nonimaging_2001,
	location = {Berlin, Heidelberg},
	title = {Nonimaging Fresnel Lenses},
	volume = {83},
	isbn = {978-3-642-07531-5 978-3-540-45290-4},
	url = {http://link.springer.com/10.1007/978-3-540-45290-4},
	series = {Springer Series in {OPTICAL} {SCIENCES}},
	publisher = {Springer},
	author = {Leutz, Ralf and Suzuki, Akio},
	editorb = {Rhodes, William T.},
	editorbtype = {redactor},
	urldate = {2022-04-24},
	date = {2001},
	doi = {10.1007/978-3-540-45290-4},
	keywords = {Dispersion, Fresnel lens, geometric optics, optical design, optics, Prism, solar collector, Total internal reflection, Tracking},
}

@article{singh_active_2020,
	title = {Active solar distillation technology: A wide overview},
	volume = {493},
	doi = {10.1016/j.desal.2020.114652},
	shorttitle = {Active solar distillation technology},
	pages = {114652},
	journaltitle = {Desalination},
	shortjournal = {Desalination},
	author = {Singh, Ashok and Yadav, R.K. and Mishra, D. and Prasad, Rajendra and Gupta, Lalit and Kumar, P.},
	date = {2020-11-01},
}

@article{ramirez_intensificacion_2018,
	title = {Intensificación de la transferencia de calor en ebullición convectiva},
	volume = {15},
	rights = {Derechos de autor 2018 {AVANCES}: Investigación en Ingeniería},
	issn = {2619-6581},
	url = {https://revistas.unilibre.edu.co/index.php/avances/article/view/1327},
	doi = {10.18041/1794-4953/avances.1.1327},
	pages = {86--102},
	number = {1},
	journaltitle = {Avances Investigación en Ingeniería},
	author = {Ramírez, José Luís},
	urldate = {2022-03-04},
	date = {2018-12-25},
	langid = {spanish},
	note = {Number: 1}
}


@article{greco_convective_2008,
	title = {Convective boiling of pure and mixed refrigerants: An experimental study of the major parameters affecting heat transfer},
	volume = {51},
	issn = {0017-9310},
	url = {https://www.sciencedirect.com/science/article/pii/S0017931007006370},
	doi = {10.1016/j.ijheatmasstransfer.2007.11.002},
	shorttitle = {Convective boiling of pure and mixed refrigerants},
	pages = {896--909},
	number = {3},
	journaltitle = {International Journal of Heat and Mass Transfer},
	shortjournal = {International Journal of Heat and Mass Transfer},
	author = {Greco, A.},
	urldate = {2022-05-25},
	date = {2008-02-01},
	langid = {english},
	keywords = {Flow boiling, R134a, R22, R404A, R407C, R410A, R417A, R507, Smooth tube}
}

@article{wang_single-phase_1996,
	title = {Single-phase heat transfer and flow friction correlations for microfin tubes},
	volume = {17},
	issn = {0142-727X},
	url = {https://www.sciencedirect.com/science/article/pii/0142727X96000483},
	doi = {10.1016/0142-727X(96)00048-3},
	pages = {500--508},
	number = {5},
	journaltitle = {International Journal of Heat and Fluid Flow},
	shortjournal = {International Journal of Heat and Fluid Flow},
	author = {Wang, C. C. and Chiou, C. B. and Lu, D. C.},
	urldate = {2022-05-25},
	date = {1996-10-01},
	langid = {english},
	keywords = {heat exchangers, heat transfer, heat-momentum analogy, microfin tube, pressure drops, single-phase},
}

@article{saettone_preliminary_2017,
	title = {Preliminary overview and evaluation of a stepped solar distiller with internal reflective walls and borosilicate vacuum tubes},
	volume = {413},
	issn = {0011-9164},
	url = {https://www.sciencedirect.com/science/article/pii/S0011916416311572},
	doi = {10.1016/j.desal.2017.03.020},
	pages = {136--143},
	journaltitle = {Desalination},
	shortjournal = {Desalination},
	author = {Saettone, Erich and Valencia-Tovar, Yohan and Gómez-de-la-Torre-Gastello, Alberto},
	urldate = {2022-05-29},
	date = {2017-07-01},
	langid = {english},
	keywords = {Borosilicate vacuum tube with heat pipe, Seawater desalination, Solar distiller, Solar energy, Stepped solar distiller}
}

@article{kabeel_performance_2022,
	title = {Performance assessment of the hemispherical solar distillers with the extended cylindrical iron fins: An experimental investigation},
	volume = {61},
	issn = {1110-0168},
	url = {https://www.sciencedirect.com/science/article/pii/S1110016822002794},
	doi = {10.1016/j.aej.2022.04.018},
	shorttitle = {Performance assessment of the hemispherical solar distillers with the extended cylindrical iron fins},
	pages = {11149--11157},
	number = {12},
	journaltitle = {Alexandria Engineering Journal},
	shortjournal = {Alexandria Engineering Journal},
	author = {Kabeel, Abd Elnaby and El Hadi Attia, Mohammed and Abdelgaied, Mohamed and Abdullah, A. S. and Bellila, Abdelkader and Abdel-Aziz, Moataz M.},
	urldate = {2022-05-29},
	date = {2022-12-01},
	langid = {english},
	keywords = {Extended cylindrical fins, Hemispherical solar still, Iron fins, Number, Solar energy}
}

@article{jobrane_theoretical_2022,
	title = {Theoretical and experimental investigation on a novel design of wick type solar still for sustainable freshwater production},
	volume = {200},
	issn = {1359-4311},
	url = {https://www.sciencedirect.com/science/article/pii/S1359431121010747},
	doi = {10.1016/j.applthermaleng.2021.117648},
	pages = {117648},
	journaltitle = {Applied Thermal Engineering},
	shortjournal = {Applied Thermal Engineering},
	author = {Jobrane, Mariem and Kopmeier, Achim and Kahn, Aliza and Cauchie, Henry-Michel and Kharroubi, Adel and Penny, Christian},
	urldate = {2022-05-29},
	date = {2022-01-05},
	langid = {english},
	keywords = {Condensation process, Efficiency, Freshwater, Solar energy, Solar still}
}

@online{nasa_estacion_seca_mexico_2021,
	title = {Una estación seca más intensa se apodera de México},
	year = {2021},
	url = {https://ciencia.nasa.gov/sequia-generalizada-en-mexico},
	author = {{National Aeronautics and Space Administration}},
	urldate = {2021-05-06}
}

@online{conagua_monitor_sequia_2020,
	title = {Monitor de Sequía de México al 31 de diciembre 2020},
	year = {2022},	
	url = {https://smn.conagua.gob.mx/es/climatologia/monitor-de-sequia/monitor-de-sequia-en-mexico},
	author = {{National Aeronautics and Space Administration}},
%	urldate = {2021-05-06}
}

@online{direct_industry_tubos_nodate,
	title = {Tubos aletados by {ICI} Caldaie {SpA} {\textbar} {DirectIndustry}},
	url = {https://www.directindustry.es/prod/ici-caldaie-spa/product-126357-1775129.html},
	titleaddon = {Tubos aletados},
	type = {E-Magazine},
	author = {{Direct Industry}},
	urldate = {2022-05-25},
	langid = {spanish}
}

@article{kalogirou_solar_2004,
	title = {Solar thermal collectors and applications},
	volume = {30},
	issn = {0360-1285},
	url = {https://www.sciencedirect.com/science/article/pii/S0360128504000103},
	doi = {https://doi.org/10.1016/j.pecs.2004.02.001},
	pages = {231--295},
	number = {3},
	journaltitle = {Progress in Energy and Combustion Science},
	author = {Kalogirou, Soteris A.},
	date = {2004},
	keywords = {Cooling, Desalination, Industrial process heat, Optical and thermal analysis, Solar chemistry, Solar collectors, Solar power generation, Space heating, Water heating},
}

@thesis{bretado_de_los_rios_aplicacion_2017,
	location = {Monterrey, Nuevo León},
	title = {Aplicación de Nanofluidos en un Concentrador Solar Parabólico Lineal para Aprovechamiento de Energía Térmica},
	url = {https://repositorio.tec.mx/bitstream/handle/11285/629695/Tesis_BretadoM.pdf},
	pagetotal = {137},
	institution = {Instituto Tecnológico y de Estudios Superiores de Monterrey},
	type = {phdthesis},
	author = {Bretado de los Rios, Mariana Soledad},
	date = {2017-05-15}
}

@online{grupo_jab_historia_2018,
	title = {Historia de las células solares y su evolución tecnológica},
	url = {https://www.grupojab.es/historia-de-las-celulas-solares-y-su-evolucion-tecnologica/},
	abstract = {La utilización de la energía solar ha sido un recurrente a lo largo de nuestra historia pero, ¿cómo ha evolucionado hasta convertirse en lo que es hoy?},
	titleaddon = {Grupo {JAB}},
	author = {Grupo {JAB}},
	urldate = {2022-07-04},
	date = {2018-08-13},
	langid = {american}
}

@article{modi_influence_2020,
	title = {Influence of water mass on the performance of spherical basin solar still integrated with parabolic reflector},
	volume = {10},
	issn = {2352-801X},
	url = {https://www.sciencedirect.com/science/article/pii/S2352801X19302541},
	doi = {10.1016/j.gsd.2019.100299},
	pages = {100299},
	journaltitle = {Groundwater for Sustainable Development},
	shortjournal = {Groundwater for Sustainable Development},
	author = {Modi, Kalpesh V. and Nayi, Kuldeep H. and Sharma, Sonu S.},
	urldate = {2022-07-06},
	date = {2020-04-01},
	langid = {english},
	keywords = {Desalination, Parabolic reflector, Solar energy, Spherical basin solar still},
}

@online{garcia_11_2019,
	title = {11 datos interesantes sobre el agua},
	url = {https://www.nationalgeographic.es/photoaquae/2019/03/11-datos-interesantes-sobre-el-agua},
	titleaddon = {National Geographic},
	author = {García, Salomé},
	urldate = {2022-07-08},
	date = {2019-03-15},
	langid = {spanish},
	note = {Section: {PhotoAquae}}
}

@online{cnn_espanol_10_2021,
	title = {10 cifras para entender el problema del agua en México},
	url = {https://cnnespanol.cnn.com/2021/10/12/agua-mexico-cifras-orix/},
	titleaddon = {{CNN}},
	author = {{CNN Español}},
	urldate = {2022-07-08},
	date = {2021-10-13},
	langid = {spanish},
}

@online{water_quality_association_glossary_nodate,
	title = {Glossary of terms},
	url = {https://www.wqa.org/resources/glossary-of-terms/glossary-of-terms1-glossary-s},
	titleaddon = {Water Quality Association},
	author = {Water Quality Association},
	urldate = {2022-07-08},
	langid = {american}
}


@thesis{gonzalez_castro_alternativa_2014,
	location = {Barcelona, España},
	title = {Alternativa al modelo hídrico actual de Menorca: cubierta captadora de lluvia, rocío y destilación},
	pagetotal = {130},
	institution = {Universidad Politécnica de Valencia},
	type = {phdthesis},
	author = {González Castro, Elisabet},
	date = {2014-09}
}

@article{obianyo_effect_2019,
	title = {Effect of Salinity on Evaporation and the Water Cycle},
	volume = {3},
	doi = {10.28991/esj-2019-01188},
	pages = {255--262},
	journaltitle = {Emerging Science Journal},
	shortjournal = {Emerging Science Journal},
	author = {Obianyo, Jude},
	date = {2019-07-30}
}

@book{atkins_physical_2010,
	location = {New York, United States of America},
	edition = {9},
	title = {Physical chemistry},
	isbn = {978-1-4292-1812-2},
	pagetotal = {972},
	publisher = {W. H. Freeman and Company},
	author = {Atkins, Peter and De Paula, Julio},
	date = {2010}
}

@book{cengel_termodinamica_2009,
	location = {D.F., México},
	edition = {7},
	title = {Termodinámica},
	isbn = {978-607-15-0743-3},
	pagetotal = {1014},
	publisher = {{McGRAW}-{HILL}},
	author = {Çengel, Yunus A. and Boles, Michael A},
	urldate = {2022-07-08},
	date = {2009}
}

@article{nayar_thermophysical_2016,
	title = {Thermophysical properties of seawater: A review and new correlations that include pressure dependence},
	volume = {390},
	doi = {10.1016/j.desal.2016.02.024},
	pages = {1--24},
	author = {Nayar, K.G. and Sharqawy, M.H. and Banchik, L.D. and Lienhard V, J.H.},
	date = {2016},
}

@article{sharqawy_thermophysical_2010,
	title = {Thermophysical properties of seawater: A review of existing correlations and data},
	volume = {16},
	pages = {354--380},
	author = {Sharqawy, Mostafa H. and Lienhard V, John H. and Zubair, Syed M.},
	date = {2010-04},
}

@thesis{hernandez_nava_corrosion_2019,
	location = {Ciudad de México, México},
	title = {Corrosión en tuberísa de revestimiento},
	pagetotal = {125},
	institution = {Universidad Autónoma de México},
	type = {phdthesis},
	author = {Hernández Nava, Miguel Ángel},
	date = {2019}
}

@online{ampp_what_nodate,
	title = {What is Corrosion},
	url = {https://www.ampp.org/resources/what-is-corrosion},
	titleaddon = {What is corrosion?},
	author = {{Association for Materials Protection and Performance}},
	urldate = {2022-07-10},
	langid = {english},
}


@article{singh_experimental_2016,
	title = {Experimental studies of active solar still integrated with two hybrid {PVT} collectors},
	volume = {130},
	issn = {0038-092X},
	url = {https://www.sciencedirect.com/science/article/pii/S0038092X16001201},
	doi = {10.1016/j.solener.2016.02.024},
	pages = {207--223},
	journaltitle = {Solar Energy},
	shortjournal = {Solar Energy},
	author = {Singh, D. B. and Yadav, J. K. and Dwivedi, V. K. and Kumar, S. and Tiwari, G. N. and Al-Helal, I. M.},
	urldate = {2023-03-19},
	date = {2016-06-01},
	langid = {english},
	keywords = {Active solar distillation, Photovoltaic thermal ({PVT}) collector, Potable water, Productivity},
}

@book{zheng_solar_2017,
	location = {Amsterdam},
	edition = {1},
	title = {Solar Energy Desalination Technology},
	isbn = {978-0-12-805411-6},
	url = {https://www.sciencedirect.com/science/article/pii/B9780128054116000014},
	pagetotal = {768},
	publisher = {Elsevier},
	author = {Zheng, Hongfei},
	editor = {Zheng, Hongfei},
	urldate = {2023-03-21},
	date = {2017-01-01},
	langid = {english},
	doi = {10.1016/B978-0-12-805411-6.00001-4},
	keywords = {Classification and development, Seawater, Seawater desalination, Solar desalination, Solar energy},
}

@article{chen_zero_2021,
	title = {A zero liquid discharge system integrating multi-effect distillation and evaporative crystallization for desalination brine treatment},
	volume = {502},
	issn = {0011-9164},
	url = {https://www.sciencedirect.com/science/article/pii/S0011916420316064},
	doi = {10.1016/j.desal.2020.114928},
	pages = {114928},
	journaltitle = {Desalination},
	shortjournal = {Desalination},
	author = {Chen, Qian and Burhan, Muhammad and Shahzad, Muhammad Wakil and Ybyraiymkul, Doskhan and Akhtar, Faheem Hassan and Li, Yong and Ng, Kim Choon},
	urldate = {2023-03-23},
	date = {2021-04-15},
	langid = {english},
	keywords = {Evaporative crystallizer, Multi-effect distillation, Techno-economic analysis, Thermodynamic analysis, Zero liquid discharge},
}


@article{cassini_explicacion_2008,
	title = {La explicación de Einstein del efecto fotoeléctrico: un análisis histórico-epistemológico},
	volume = {34},
	shorttitle = {La explicación de Einstein del efecto fotoeléctrico},
	pages = {5--38},
	journaltitle = {Revista latinoamericana de filosofía},
	shortjournal = {Revista latinoamericana de filosofía},
	author = {Cassini, Alejandro and Levinas, Marcelo},
	date = {2008-05-01},
}


@article{ojeda-duran_historia_2018,
	title = {Historia, Desarrollo y Actualidad de las Celdas Solares},
	url = {https://www.researchgate.net/publication/349642922_Historia_Desarrollo_y_Actualidad_de_las_Celdas_Solares},
	pages = {17--21},
	journaltitle = {Con ciencia},
	number = {2},
	author = {Ojeda-Durán, Esteban},
	date = {2018-05-01},
	langid = {spanish},
}


@book{el-dessouky_chapter_2002,
	location = {Amsterdam},
	edition = {1},
	title = {Chapter 1 - Introduction},
	isbn = {978-0-444-50810-2},
	url = {https://www.sciencedirect.com/science/article/pii/B9780444508102500038},
	pagetotal = {670},
	publisher = {Elsevier Science B.V.},
	author = {El-Dessouky, Hisham T. and Ettouney, Hisham M.},
	editor = {El-Dessouky, Hisham T. and Ettouney, Hisham M.},
	urldate = {2023-04-03},
	date = {2002-01-01},
	langid = {english},
	doi = {10.1016/B978-044450810-2/50003-8},
}


@online{alyn_c_duxbury_seawater_2023,
	title = {seawater},
	url = {https://www.britannica.com/science/seawater},
	titleaddon = {Encyclopedia Britannica},
	editora = {{Alyn C. Duxbury} and {Robert Howard Byrne} and {Fred T. Mackenzie} and {Adam Augustyn} and {Aakanksha Gaur} and {Deepti Mahajan} and {John P. Rafferty} and {Melissa Petruzzello} and {Amy Tikkanen}},
	editoratype = {collaborator},
	urldate = {2023-04-07},
	date = {2023-02-27},
	langid = {english},
}

@book{young_fisica_2009,
	location = {México},
	edition = {12},
	title = {Física Universitaria Con Física Moderna},
	volume = {2},
	isbn = {978-607-442-304-4},
	pagetotal = {896},
	publisher = {{PEARSON} {EDUCACIÓN}},
	author = {Young, Hugh D. and Freedman, Roger A.},
	date = {2009},
	langid = {spanish},
}

@misc{weinstein_spectral_nodate,
	title = {Spectral Properties of Sunlight},
	url = {https://brilliant.org/courses/renewable-energy/introduction-104/spectral-properties-sunlight/1/},
	publisher = {Brilliant},
	author = {Weinstein, Lee and {Brilliant Worldwide Inc}},
	urldate = {2023-04-12},
	langid = {american},
}

@online{chandler_explained_2010,
	title = {Explained: Phonons},
	url = {https://news.mit.edu/2010/explained-phonons-0706},
	shorttitle = {Explained},
	abstract = {When trying to control the way heat moves through solids, it is often useful to think of it as a flow of particles.},
	titleaddon = {{MIT} News {\textbar} Massachusetts Institute of Technology},
	author = {Chandler, David L.},
	urldate = {2023-04-14},
	date = {2010-07-08},
	langid = {english},
}

@misc{weinstein_solar_nodate,
	title = {Solar Availability},
	url = {https://brilliant.org/courses/renewable-energy/solar-availability-2/availability/1/},
	publisher = {Brilliant},
	author = {Weinstein, Lee and {Brilliant Worldwide Inc}},
	urldate = {2023-04-12},
	langid = {american},
}

@book{cengel_fluid_2006,
	location = {Boston},
	title = {Fluid mechanics: fundamentals and applications},
	isbn = {978-0-07-247236-3},
	url = {http://catdir.loc.gov/catdir/toc/mh051/2004058767.html},
	series = {{McGraw}-Hill series in mechanical engineering},
	shorttitle = {Fluid mechanics},
	pagetotal = {956},
	publisher = {{McGraw}-{HillHigher} Education},
	author = {Çengel, Yunus A. and Cimbala, John M.},
	urldate = {2023-05-12},
	date = {2006},
	note = {{OCLC}: 56481360},
	keywords = {{DVDs}, Dynamique des fluides, Fluid dynamics, Lehrbuch, Strömungsmechanik},
}

@report{leonel_lira_cortes_conductividad_2010,
	location = {Querétaro, México},
	title = {Conductividad térmica de metales},
	url = {https://www.cenam.mx/sm2010/info/carteles/sm2010-c29.pdf},
	pages = {4},
	institution = {Centro Nacional de Metrología, División de Termometría Área Eléctrica},
	type = {Simposio},
	author = {{Leonel Lira Cortés} and {S. García Duarte} and {E. Méndez Lángo} and {E. González Durán}},
	date = {2010-10-29},
	langid = {spanish},
}

@inproceedings{davenport_thermal_2022,
	location = {Freiburg, Germany},
	title = {Thermal stability of silica for application in thermal energy storage},
	url = {https://pubs.aip.org/aip/acp/article/2824318},
	doi = {10.1063/5.0085641},
	eventtitle = {{SOLARPACES} 2020: 26th International Conference on Concentrating Solar Power and Chemical Energy Systems},
	pages = {160003},
	author = {Davenport, Patrick and Ma, Zhiwen and Nation, William and Schirck, Jason and Morris, Aaron and Lambert, Matthew},
	urldate = {2023-05-18},
	date = {2022},
	langid = {english}
}

@incollection{wypych_2_2021,
	title = {2 - Fillers – Origin, Chemical Composition, Properties, and Morphology},
	isbn = {978-1-927885-79-6},
	url = {https://www.sciencedirect.com/science/article/pii/B9781927885796500057},
	pages = {13--302},
	booktitle = {Handbook of Fillers (Fifth Edition)},
	publisher = {{ChemTec} Publishing},
	author = {Wypych, George},
	editor = {Wypych, George},
	urldate = {2023-05-19},
	date = {2021-01-01},
	langid = {english},
	doi = {10.1016/B978-1-927885-79-6.50005-7},
}

@report{lowery_solar_1977,
	location = {Washington D.C., {USA}},
	title = {Solar Absorption Characteristics of Several Coatings and Surface Finishes},
	pages = {35},
	number = {{NASA} {TM} X-3509},
	institution = {National Aeronautics and Space Administration},
	type = {Technical Memorandum},
	author = {Lowery, James R.},
	date = {1977-03},
	langid = {american},
}

@book{shannon_art_1997,
	location = {Cambridge},
	title = {The Art and Science of Optical Design},
	isbn = {978-0-521-45414-8},
	url = {https://www.cambridge.org/core/books/art-and-science-of-optical-design/B64DA2AB3CC13F515560756A4D43DD96},
	publisher = {Cambridge University Press},
	author = {Shannon, Robert R.},
	urldate = {2023-05-24},
	date = {1997},
	doi = {10.1017/CBO9780511816529},
}

@article{davis_optical_2007,
	title = {Optical Design using Fresnel Lenses},
	volume = {2},
	%issn = {2191-1975},
	url = {https://onlinelibrary.wiley.com/doi/abs/10.1002/opph.201190287},
	doi = {10.1002/opph.201190287},
	pages = {52--55},
	number = {4},
	journaltitle = {Optik \& Photonik},
	author = {Davis, Arthur and Kühnlenz, Frank},
	urldate = {2023-05-24},
	date = {2007},
	langid = {english},
	note = {\_eprint: https://onlinelibrary.wiley.com/doi/pdf/10.1002/opph.201190287},
}
