@symbol{
    c,
    name = {\(c\)},
    description = {velocidad de la luz}
}
